
@online{rfc5246,
	title = {{T}he {T}ransport {L}ayer {S}ecurity ({TLS}) {P}rotocol {V}ersion 1.2},
	author = {rfc5246},
	url = {https://tools.ietf.org/html/rfc5246}
}