@unpublished{ patfeist15nifunanf,
	title = {{N}icht-funktionale {A}nforderungen},
	author = "Patrick Feisthammel",
	month = "Sept.",
	year = "2015",
	note = "unveröffentlichtes Dokument"
}

@online{ avocado15projidee,
	title = "{A}vocado {S}hare - {P}rojektidee",
	author = "Sascha Bergmann and Lion Kunz and Cyril Müller and Dang Thien Nguyen",
	year = "7.10.2015",
	url = {https://github.engineering.zhaw.ch/pages/muellcy1/avocado-share/doc/projektidee/projektidee.pdf},
	urldate="1.11.2015"
}