@unpublished{ patfeist15nifunanf,
	title = {{N}icht-funktionale {A}nforderungen},
	author = "Patrick Feisthammel",
	month = "Sept.",
	year = "2015",
	note = "unveröffentlichtes Dokument"
}

@online{ avocado15projidee,
	title = "{A}vocado {S}hare - {P}rojektidee",
	author = "Sascha Bergmann and Lion Kunz and Cyril Müller and Dang Thien Nguyen",
	year = "7.10.2015",
	url = {https://github.engineering.zhaw.ch/pages/muellcy1/avocado-share/doc/projektidee/projektidee.pdf},
	urldate="1.11.2015"
}

@online{ yanzhu14whytheweb,
	title = {Why the {W}eb {N}eeds {P}erfect {F}orward {S}ecrecy {M}ore {T}han {E}ver},
	author = "Yan Zhu",
	year = "8.4.2014",
	url = {https://www.eff.org/deeplinks/2014/04/why-web-needs-perfect-forward-secrecy},
	urldate = "20.11.2015"
}
@online{ rfc5246,
	title={The {T}ransport {L}ayer {S}ecurity ({TLS}) {P}rotocol {V}ersion 1.2},
	author = "T. Dierks and E. Rescorla",
	year = "Aug. 2008",
	url = {https://tools.ietf.org/html/rfc5246},
	urldate = "20.11.2015"	
}